<record><leader>00000cas a2200000 a 4500</leader><controlfield tag="001">26927567</controlfield><controlfield tag="008">921106d19281948caudn ne      0    0eng c</controlfield><datafield ind1=" " ind2=" " tag="010"><subfield code="a">sn 92069009 </subfield></datafield><datafield ind1=" " ind2=" " tag="040"><subfield code="a">CUY</subfield><subfield code="b">eng</subfield><subfield code="c">CNK</subfield><subfield code="d">OCLCQ</subfield><subfield code="d">CNK</subfield><subfield code="d">OCLCQ</subfield><subfield code="d">OCLCF</subfield><subfield code="d">OCLCO</subfield></datafield><datafield ind1="1" ind2=" " tag="029"><subfield code="a">AU@</subfield><subfield code="b">000020735639</subfield></datafield><datafield ind1=" " ind2=" " tag="042"><subfield code="a">pcc</subfield></datafield><datafield ind1=" " ind2=" " tag="043"><subfield code="a">n-us-ca</subfield></datafield><datafield ind1="0" ind2="0" tag="245"><subfield code="a">San Rafael daily independent.</subfield></datafield><datafield ind1=" " ind2=" " tag="260"><subfield code="a">San Rafael, Calif. :</subfield><subfield code="b">Independent Pub. Co.</subfield></datafield><datafield ind1=" " ind2=" " tag="300"><subfield code="a">v.</subfield></datafield><datafield ind1=" " ind2=" " tag="310"><subfield code="a">Daily (except Sun. and holidays)</subfield></datafield><datafield ind1="0" ind2=" " tag="362"><subfield code="a">Vol. 24, no. 29 (Nov. 21, 1928)-v. 44, no. 24 (Nov. 29, 1948).</subfield></datafield><datafield ind1=" " ind2=" " tag="530"><subfield code="a">Master negatives are available for duplication from:</subfield><subfield code="b">California Newspaper Microfilm Archive;</subfield><subfield code="c">positive copies may be purchased by the reel; for further information consult the CNMA at:</subfield><subfield code="u">http://cbsr.ucr.edu</subfield></datafield><datafield ind1=" " ind2="0" tag="651"><subfield code="a">Marin County (Calif.)</subfield><subfield code="v">Newspapers.</subfield></datafield><datafield ind1=" " ind2="7" tag="655"><subfield code="a">Newspapers.</subfield><subfield code="2">fast</subfield><subfield code="0">(OCoLC)fst01423814</subfield></datafield><datafield ind1=" " ind2="7" tag="651"><subfield code="a">California</subfield><subfield code="z">Marin County.</subfield><subfield code="2">fast</subfield><subfield code="0">(OCoLC)fst01206041</subfield></datafield><datafield ind1=" " ind2=" " tag="752"><subfield code="a">United States</subfield><subfield code="b">California</subfield><subfield code="c">Marin</subfield><subfield code="d">San Rafael.</subfield></datafield><datafield ind1="0" ind2="0" tag="780"><subfield code="t">San Rafael independent</subfield><subfield code="w">(DLC)sn 92069008</subfield></datafield><datafield ind1="0" ind2="7" tag="785"><subfield code="t">Marin journal</subfield><subfield code="w">(DLC)sn 86064472</subfield></datafield><datafield ind1="0" ind2="7" tag="785"><subfield code="t">San Rafael daily independent and Marin journal</subfield><subfield code="w">(DLC)sn 92069010</subfield></datafield></record>